%% Created using Papers on Thu, 25 Jan 2018.
%% http://papersapp.com/papers/

%% Created using Papers on Mon, 29 Jan 2018.
%% http://papersapp.com/papers/

@inproceedings{Biryukov:2017ip,
author = {Biryukov, Alex and Biryukov, Alex and Khovratovich, Dmitry and Khovratovich, Dmitry and Tikhomirov, Sergei and Tikhomirov, Sergei},
title = {{Findel: Secure derivative contracts for ethereum}},
booktitle = {Lecture Notes in Computer Science (including subseries Lecture Notes in Artificial Intelligence and Lecture Notes in Bioinformatics)},
year = {2017},
pages = {453--467},
organization = {University of Luxembourg, Luxembourg, Luxembourg},
publisher = {Springer, Cham},
address = {Cham},
month = jan
}

@incollection{Kyas:2008eg,
author = {Kyas, Marcel and Kyas, Marcel and Prisacariu, Cristian and Prisacariu, Cristian and Schneider, Gerardo and Schneider, Gerardo},
title = {{Run-Time Monitoring of Electronic Contracts}},
booktitle = {Automated Technology for Verification and Analysis},
year = {2008},
pages = {397--407},
publisher = {Springer, Berlin, Heidelberg},
address = {Berlin, Heidelberg},
month = oct
}

@article{Andersen:2006gl,
author = {Andersen, Jesper and Elsborg, Ebbe and Henglein, Fritz and Simonsen, Jakob Grue and Stefansen, Christian},
title = {{Compositional specification of commercial contracts.}},
journal = {STTT},
year = {2006},
volume = {8},
number = {6},
pages = {485--516}
}

@article{Frankau:2009iv,
author = {Frankau, Simon and Spinellis, Diomidis and Nassuphis, Nick and Burgard, Christoph},
title = {{Commercial uses: Going functional on exotic trades}},
journal = {Journal of Functional Programming},
year = {2009},
volume = {19},
number = {1},
pages = {27--45},
month = jan
}

@inproceedings{Hvitved:2012gn,
author = {Hvitved, Tom and Klaedtke, Felix and Zlinescu, Eugen},
title = {{A trace-based model for multiparty contracts}},
booktitle = {Journal of Logic and Algebraic Programming},
year = {2012},
pages = {72--98},
organization = {Kobenhavns Universitet, Copenhagen, Denmark},
month = feb
}

@inproceedings{Krishnaswami:2011bw,
author = {Krishnaswami, Neelakantan R and Benton, Nick},
title = {{Ultrametric semantics of reactive programs}},
booktitle = {Proceedings - Symposium on Logic in Computer Science},
year = {2011},
pages = {257--266},
organization = {Microsoft Research, Redmond, United States},
publisher = {IEEE},
month = sep
}

@article{Davies:2017gk,
author = {Davies, Rowan},
title = {{A temporal logic approach to binding-time analysis}},
journal = {Journal of the ACM},
year = {2017},
volume = {64},
number = {1},
pages = {1--45},
month = mar
}

@inproceedings{Jeffrey:2012fh,
author = {Jeffrey, Alan},
title = {{LTL types FRP: Linear-time Temporal Logic propositions as types proofs as Functional Reactive Programs}},
booktitle = {Conference Record of the Annual ACM Symposium on Principles of Programming Languages},
year = {2012},
pages = {49--60},
organization = {Nokia Bell Labs, Murray, United States},
publisher = {ACM},
address = {New York, New York, USA},
month = mar
}

@article{Nakano:2000tu,
author = {Nakano, Hiroshi},
title = {{A Modality for Recursion.}},
journal = {LICS},
year = {2000}
}

@article{Jones:2000uq,
author = {Jones, Simon L Peyton and Eber, Jean-Marc and Seward, Julian},
title = {{Composing contracts - an adventure in financial engineering, functional pearl.}},
journal = {ICFP},
year = {2000}
}

@inproceedings{Atkey:2013cb,
author = {Atkey, Robert and McBride, Conor},
title = {{Productive coprogramming with guarded recursion}},
booktitle = {Proceedings of the ACM SIGPLAN International Conference on Functional Programming, ICFP},
year = {2013},
pages = {197--208},
organization = {University of Strathclyde, Glasgow, United Kingdom},
publisher = {ACM},
address = {New York, New York, USA},
month = nov
}

@inproceedings{Bahr:2015hm,
author = {Bahr, Patrick and Berthold, Jost and Elsman, Martin},
title = {{Certified symbolic management of financial multi-party contracts}},
booktitle = {Proceedings of the ACM SIGPLAN International Conference on Functional Programming, ICFP},
year = {2015},
pages = {315--327},
organization = {Kobenhavns Universitet, Copenhagen, Denmark},
publisher = {ACM},
address = {New York, New York, USA},
month = aug
}
